@article{randaugment,
    title = {RandAugment: Practical automated data augmentation with a reduced search space},
    author = {Ekin D. Cubuk and Barret Zoph and Jonathon Shlens and Quoc V. Le},
    journal = {arXiv preprint arXiv:1909.13719},
    year = {2019}
}

@article{copypaste,
    title = {Simple Copy-Paste is a Strong Data Augmentation Method for Instance Segmentation},
    author = {Golnaz Ghiasi and Yin Cui and Aravind Srinivas and Rui Qian and Tsung-Yi Lin and Ekin D. Cubuk and Quoc V. Le and Barret Zoph},
    journal = {arXiv preprint arXiv:2012.07177},
    year = {2021}
}

@article{imagesynthesis,
    title = {Image Synthesis via Semantic Composition},
    author = {Yi Wang and Lu Qi and Ying-Cong Chen and Xiangyu Zhang and Jiaya Jia},
    journal = {arXiv preprint arXiv:2109.07053},
    year = {2021}
}

@article{unet,
    title = {U-Net: Convolutional Networks for Biomedical Image Segmentation},
    author = {Olaf Ronneberger and Philipp Fischer and Thomas Brox},
    journal = {arXiv preprint arXiv:1505.04597},
    year = {2015}
}

@article{unet++,
    title = {UNet++: A Nested U-Net Architecture for Medical Image Segmentation},
    author = {Zongwei Zhou and Md Mahfuzur Rahman Siddiquee and Nima Tajbakhsh and Jianming Liang},
    journal = {IEEE Transactions on Medical Imaging},
    year = {2018}
}

@article{dspp1,
    title = {Encoder-Decoder with Atrous Separable Convolution for Semantic Image Segmentation},
    author = {Liang-Chieh Chen and Yukun Zhu and George Papandreou and Florian Schroff and Hartwig Adam},
    journal = {arXiv preprint arXiv:1802.02611 },
    year = {2018}
}

@article{dspp2,
    title = {Rethinking Atrous Convolution for Semantic Image Segmentation},
    author = {Liang-Chieh Chen and George Papandreou and Florian Schroff and Hartwig Adam},
    journal = {arXiv preprint arXiv:1706.05587},
    year = {2017}
}

@article{dspp3,
    title = {DeepLab: Semantic Image Segmentation with Deep Convolutional Nets, Atrous Convolution, and Fully Connected CRFs},
    author = {Liang-Chieh Chen and George Papandreou and Iasonas Kokkinos and Kevin Murphy and Alan L. Yuille},
    journal = {arXiv preprint arXiv:1606.00915},
    year = {2017}
}

@article{dau1,
    title = {Learning Enriched Features for Real Image Restoration and Enhancement},
    author = {Syed Waqas Zamir and Aditya Arora and Salman Khan and Munawar Hayat and Fahad Shahbaz Khan and Ming-Hsuan Yang and Ling Shao},
    journal = {arXiv preprint arXiv:2003.06792},
    year = {2020}
}

@article{dau2,
    title = {Two deterministic half-quadratic regularization algorithms for computed imaging},
    author = {P. Charbonnier and L. Blanc-Feraud and G. Aubert and M. Barlaud},
    journal = {IEEE Xplore 0-8186-6952-7},
    year = {1994}
}