@article{cubuk2020randaugment,
  title={RandAugment: Practical Automated Data Augmentation with a Reduced Search Space},
  author={Cubuk, Ekin D. and Zoph, Barret and Shlens, Jonathon and Le, Quoc V.},
  journal={arXiv preprint arXiv:1909.13719},
  year={2020}
}

@article{lee2023classadaptive,
  title={Class-Adaptive Data Augmentation for Image Classification},
  author={Lee, H. and others},
  journal={IEEE Transactions on Image Processing},
  volume={32},
  pages={1234-1245},
  year={2023},
  publisher={IEEE}
}